@article{weissbrod2013automated,
  title={Automated long-term tracking and social behavioural phenotyping of animal colonies within a semi-natural environment},
  author={Weissbrod, Aharon and Shapiro, Alexander and Vasserman, Genadiy and Edry, Liat and Dayan, Molly and Yitzhaky, Assif and Hertzberg, Libi and Feinerman, Ofer and Kimchi, Tali},
  journal={Nature communications},
  volume={4},
  year={2013},
  publisher={Nature Publishing Group}
}

@inproceedings{CRIM13,
	Author = "Burgos-Artizzu, X.P. and Doll\'ar, P. and Lin, D. and Anderson, D.J. and Perona,P.",
	Booktitle = "CVPR",
	Title = "Social Behavior Recognition in continuous videos",
	Year = "2012",
}

@article{perez2014idtracker,
  title={idTracker: tracking individuals in a group by automatic identification of unmarked animals},
  author={P{\'e}rez-Escudero, Alfonso and Vicente-Page, Juli{\'a}n and Hinz, Robert C and Arganda, Sara and de Polavieja, Gonzalo G},
  journal={Nature methods},
  volume={11},
  number={7},
  pages={743--748},
  year={2014},
  publisher={Nature Publishing Group}
}

@article{belongie2002shape,
  title={Shape matching and object recognition using shape contexts},
  author={Belongie, Serge and Malik, Jitendra and Puzicha, Jan},
  journal={IEEE transactions on pattern analysis and machine intelligence},
  volume={24},
  number={4},
  pages={509--522},
  year={2002},
  publisher={IEEE}
}

@article{noldus2001ethovision,
  title={EthoVision: a versatile video tracking system for automation of behavioral experiments},
  author={Noldus, Lucas PJJ and Spink, Andrew J and Tegelenbosch, Ruud AJ},
  journal={Behavior Research Methods, Instruments, \& Computers},
  volume={33},
  number={3},
  pages={398--414},
  year={2001},
  publisher={Springer}
}


@article{turner2014comprehensive,
  title={Comprehensive behavioural analysis of Long Evans and Sprague-Dawley rats reveals differential effects of housing conditions on tests relevant to neuropsychiatric disorders},
  author={Turner, Karly M and Burne, Thomas HJ},
  journal={PloS one},
  volume={9},
  number={3},
  pages={e93411},
  year={2014},
  publisher={Public Library of Science}
}

@article{kuhl2013animal,
  title={Animal biometrics: quantifying and detecting phenotypic appearance},
  author={K{\"u}hl, Hjalmar S and Burghardt, Tilo},
  journal={Trends in ecology \& evolution},
  volume={28},
  number={7},
  pages={432--441},
  year={2013},
  publisher={Elsevier}
}

@article{lambert2016natural,
  title={Natural-enriched environments lead to enhanced environmental engagement and altered neurobiological resilience},
  author={Lambert, Kelly and Hyer, Molly and Bardi, Massimo and Rzucidlo, Amanda and Scott, Samantha and Terhunecotter, Brennan and Hazelgrovel, Ashley and Silva, Ilton and Kinsley, Craig},
  journal={Neuroscience},
  year={2016},
  publisher={Elsevier}
}

@article{guarraci2016exposure,
  title={Exposure to methylphenidate during peri-adolescence affects endocrine functioning and sexual behavior in female Long--Evans rats},
  author={Guarraci, Fay A and Holifield, Caroline and Morales-Valenzuela, Jessica and Greene, Kasera and Brown, Jeanette and Lopez, Rebecca and Crandall, Christina and Gibbs, Nicole and Vela, Rebekah and Delgado, Melissa Y and others},
  journal={Pharmacology Biochemistry and Behavior},
  volume={142},
  pages={36--41},
  year={2016},
  publisher={Elsevier}
}

@article{arth2015history,
  title={The History of Mobile Augmented Reality},
  author={Arth, Clemens and Grasset, Raphael and Gruber, Lukas and Langlotz, Tobias and Mulloni, Alessandro and Wagner, Daniel},
  journal={arXiv preprint arXiv:1505.01319},
  year={2015}
}


@inproceedings{song2014air,
  title={In-air gestures around unmodified mobile devices},
  author={Song, Jie and S{\"o}r{\"o}s, G{\'a}bor and Pece, Fabrizio and Fanello, Sean Ryan and Izadi, Shahram and Keskin, Cem and Hilliges, Otmar},
  booktitle={Proceedings of the 27th annual ACM symposium on User interface software and technology},
  pages={319--329},
  year={2014},
  organization={ACM}
}

@article{hasan2014human,
  title={Human--computer interaction using vision-based hand gesture recognition systems: a survey},
  author={Hasan, Haitham and Abdul-Kareem, Sameem},
  journal={Neural Computing and Applications},
  volume={25},
  number={2},
  pages={251--261},
  year={2014},
  publisher={Springer}
}

@article{sabelman2015real,
  title={The real-life dangers of augmented reality},
  author={Sabelman, Eric E and Lam, Roger},
  journal={Spectrum, IEEE},
  volume={52},
  number={7},
  pages={48--53},
  year={2015},
  publisher={IEEE}
}

@article{papez2011intelligent,
  title={Intelligent Representation of Surrounding Environment for Visually Impaired People},
  author={Papez, Bc Zdenek},
  year={2011}
}
@incollection{froissard2014contribution,
  title={Contribution of augmented reality solutions to assist visually impaired people in their mobility},
  author={Froissard, Beno{\^\i}t and Konik, Hubert and Tr{\'e}meau, Alain and Dinet, {\'E}ric},
  booktitle={Universal Access in Human-Computer Interaction. Design for All and Accessibility Practice},
  pages={182--191},
  year={2014},
  publisher={Springer}
}

@article{moloney2015vision,
  title={A Vision for the Future [Soapbox]},
  author={Moloney, David and Suarez, Oscar Deniz},
  journal={Consumer Electronics Magazine, IEEE},
  volume={4},
  number={2},
  pages={40--45},
  year={2015},
  publisher={IEEE}
}

@incollection{Maalej2015,
year={2015},
isbn={978-3-319-16198-3},
booktitle={Computer Vision - ECCV 2014 Workshops},
volume={8927},
series={Lecture Notes in Computer Science},
editor={Agapito, Lourdes and Bronstein, Michael M. and Rother, Carsten},
doi={10.1007/978-3-319-16199-0_44},
title={High Dynamic Range Imaging System for the Visually Impaired},
url={http://dx.doi.org/10.1007/978-3-319-16199-0_44},
publisher={Springer International Publishing},
keywords={High Dynamic Range (HDR); Contrast enhancement; Assistive devices; Visually impaired; Low vision},
author={Maalej, Ahmed and Tatur, Guillaume and Lorenzini, Marie-Céline and Delecroix, Christelle and Dupeyron, Gérard and Dumas, Michel and Marc, Isabelle},
pages={632-642},
language={English}
}
@inproceedings{mcnaney2015lapp,
  title={LApp: A Speech Loudness Application for People with Parkinson’s on Google Glass},
  author={McNaney, R{\'o}is{\'\i}n and Poliakov, Ivan and Vines, John and Balaam, Madeline and Zhang, Pengfei and Olivier, Patrick},
  booktitle={Proceedings of the 33rd Annual ACM Conference on Human Factors in Computing Systems},
  pages={497--500},
  year={2015},
  organization={ACM}
}

@article{riess1998gait,
  title={Gait and Parkinson's disease: a conceptual model for an augmented-reality based therapeutic device},
  author={Riess, THOMAS J},
  journal={Studies in health technology and informatics},
  pages={200--208},
  year={1998},
  publisher={IOS PRESS}
}

@incollection{garcia2014immersive,
  title={Immersive Augmented Reality for Parkinson Disease Rehabilitation},
  author={Garcia, A and Andre, N and Boucher, D Bell and Roberts-South, A and Jog, M and Katchabaw, M},
  booktitle={Virtual, Augmented Reality and Serious Games for Healthcare 1},
  pages={445--469},
  year={2014},
  publisher={Springer}
}
@article{mirelman2010virtual,
  title={Virtual reality for gait training: can it induce motor learning to enhance complex walking and reduce fall risk in patients with Parkinson's disease?},
  author={Mirelman, Anat and Maidan, Inbal and Herman, Talia and Deutsch, Judith E and Giladi, Nir and Hausdorff, Jeffrey M},
  journal={The Journals of Gerontology Series A: Biological Sciences and Medical Sciences},
  pages={glq201},
  year={2010},
  publisher={Oxford University Press}
}


@article{galvez2012bags,
  title={Bags of binary words for fast place recognition in image sequences},
  author={G{\'a}lvez-L{\'o}pez, Dorian and Tard{\'o}s, Juan D},
  journal={Robotics, IEEE Transactions on},
  volume={28},
  number={5},
  pages={1188--1197},
  year={2012},
  publisher={IEEE}
}


@article{de2015combined,
  title={Combined auditory and visual cueing provided by eyeglasses influence gait performance in Parkinson Disease patients submitted to deep brain stimulation: a pilot study},
  author={de Oliveira Souza, Carolina and Voos, Mariana Callil and Chien, Hsin Fen and Barbosa, Alessandra Ferreira and Rodrigues, Rachael Brant and Fonoff, Fernanda Colucci and Caromano, F{\'a}tima Aparecida and de Abreu, Luiz Carlos and Barbosa, Egberto Reis and Fonoff, Erich Talamoni},
  journal={International Archives of Medicine},
  volume={8},
  year={2015}
}

@incollection{engel2014lsd,
  title={LSD-SLAM: Large-scale direct monocular SLAM},
  author={Engel, Jakob and Sch{\"o}ps, Thomas and Cremers, Daniel},
  booktitle={Computer Vision--ECCV 2014},
  pages={834--849},
  year={2014},
  publisher={Springer}
}

@inproceedings{bell2013immersive,
  title={Immersive augmented reality: Investigating a new tool for parkinson disease rehabilitation},
  author={Bell Boucher, Danielle and Roberts-South, Angela and Garcia, Andres Ayala and Katchabaw, Michael and Jog, Mandar S},
  booktitle={Neural Engineering (NER), 2013 6th International IEEE/EMBS Conference on},
  pages={1570--1573},
  year={2013},
  organization={IEEE}
}

@phdthesis{garcia2012interactive,
  title={Interactive augmented reality as a support tool for Parkinson’s Disease rehabilitation programs},
  author={Garcia, Andres Ayala},
  year={2012},
  school={Master’s thesis, The University of Western Ontario, London, ON}
}

@inproceedings{rublee2011orb,
  title={ORB: an efficient alternative to SIFT or SURF},
  author={Rublee, Ethan and Rabaud, Vincent and Konolige, Kurt and Bradski, Gary},
  booktitle={Computer Vision (ICCV), 2011 IEEE International Conference on},
  pages={2564--2571},
  year={2011},
  organization={IEEE}
}

@article{mur2015orb,
  title={ORB-SLAM: a Versatile and Accurate Monocular SLAM System},
  author={Mur-Artal, Raul and Montiel, JMM and Tardos, Juan D},
  journal={arXiv preprint arXiv:1502.00956},
  year={2015}
}

@article{shridhar2015monocular,
  title={Monocular SLAM for Real-Time Applications on Mobile Platforms},
  author={Shridhar, Mohit and Neo, Kai-Yuan},
  year={2015}
}
@inproceedings{zheng2015seam,
  title={Seam the Real with the Virtual: a Review of Augmented Reality},
  author={Zheng, Rui and Zhang, Dan and Yang, Guosheng},
  booktitle={2015 Information Technology and Mechatronics Engineering Conference},
  year={2015},
  organization={Atlantis Press}
}

@inproceedings{herrera2014dt,
  title={DT-SLAM: Deferred Triangulation for Robust SLAM},
  author={Herrera, C and Kim, Kihwan and Kannala, Juho and Pulli, Kari and Heikkila, Janne and others},
  booktitle={3D Vision (3DV), 2014 2nd International Conference on},
  volume={1},
  pages={609--616},
  year={2014},
  organization={IEEE}
}


@inproceedings{jain2015overlay,
  title={OverLay: Practical Mobile Augmented Reality},
  author={Jain, Puneet and Manweiler, Justin and Roy Choudhury, Romit},
  booktitle={Proceedings of the 13th Annual International Conference on Mobile Systems, Applications, and Services},
  pages={331--344},
  year={2015},
  organization={ACM}
}


@inproceedings{schöps2014semi,
  title={Semi-dense visual odometry for AR on a smartphone},
  author={Schöps, Thomas and Engel, Jakob and Cremers, Daniel},
  booktitle={Mixed and Augmented Reality (ISMAR), 2014 IEEE International Symposium on},
  pages={145--150},
  year={2014},
  organization={IEEE}
}

@inproceedings{salas2014dense,
  title={Dense planar SLAM},
  author={Salas-Moreno, Renato F and Glocken, Ben and Kelly, Paul HJ and Davison, Andrew J},
  booktitle={Mixed and Augmented Reality (ISMAR), 2014 IEEE International Symposium on},
  pages={157--164},
  year={2014},
  organization={IEEE}
}

@inproceedings{concha2014using,
  title={Using superpixels in monocular SLAM},
  author={Concha, Alejo and Civera, Javier},
  booktitle={Robotics and Automation (ICRA), 2014 IEEE International Conference on},
  pages={365--372},
  year={2014},
  organization={IEEE}
}

@inproceedings{fuhrmann2014mve,
  title={MVE-A Multi-View Reconstruction Environment},
  author={Fuhrmann, Simon and Langguth, Fabian and Goesele, Michael},
  booktitle={Eurographics Workshop on Graphics and Cultural Heritage},
  pages={11--18},
  year={2014},
  organization={The Eurographics Association}
}

@incollection{mirabdollah2015fast,
  title={Fast Techniques for Monocular Visual Odometry},
  author={Mirabdollah, M Hossein and Mertsching, B{\"a}rbel},
  booktitle={Pattern Recognition},
  pages={297--307},
  year={2015},
  publisher={Springer}
}

@inproceedings{strasdat2011double,
  title={Double window optimisation for constant time visual SLAM},
  author={Strasdat, Hauke and Davison, Andrew J and Montiel, JMM and Konolig, Kurt},
  booktitle={Computer Vision (ICCV), 2011 IEEE International Conference on},
  pages={2352--2359},
  year={2011},
  organization={IEEE}
}

@inproceedings{pizzoli2014remode,
  title={REMODE: Probabilistic, monocular dense reconstruction in real time},
  author={Pizzoli, Matia and Forster, Christian and Scaramuzza, Davide},
  booktitle={Robotics and Automation (ICRA), 2014 IEEE International Conference on},
  pages={2609--2616},
  year={2014},
  organization={IEEE}
}

@article{ramadasanmcslam,
  title={MCSLAM: a Multiple Constrained SLAM},
  author={Ramadasan, Datta and Chevaldonn{\'e}, Marc and Chateau, Thierry and Clermont-Ferrand, FR},
  year={2015}
}

@inproceedings{tan2013robust,
  title={Robust monocular SLAM in dynamic environments},
  author={Tan, Wei and Liu, Haomin and Dong, Zilong and Zhang, Guofeng and Bao, Hujun},
  booktitle={Mixed and Augmented Reality (ISMAR), 2013 IEEE International Symposium on},
  pages={209--218},
  year={2013},
  organization={IEEE}
}


@inproceedings{tanskanen2013live,
  title={Live metric 3d reconstruction on mobile phones},
  author={Tanskanen, Petri and Kolev, Kalin and Meier, Lorenz and Camposeco, Federico and Saurer, Olivier and Pollefeys, Marc},
  booktitle={Computer Vision (ICCV), 2013 IEEE International Conference on},
  pages={65--72},
  year={2013},
  organization={IEEE}
}

@inproceedings{tan2013robust,
  title={Robust monocular SLAM in dynamic environments},
  author={Tan, Wei and Liu, Haomin and Dong, Zilong and Zhang, Guofeng and Bao, Hujun},
  booktitle={Mixed and Augmented Reality (ISMAR), 2013 IEEE International Symposium on},
  pages={209--218},
  year={2013},
  organization={IEEE}
}

@article{strasdat2012visual,
  title={Visual SLAM: why filter?},
  author={Strasdat, Hauke and Montiel, Jos{\'e} MM and Davison, Andrew J},
  journal={Image and Vision Computing},
  volume={30},
  number={2},
  pages={65--77},
  year={2012},
  publisher={Elsevier}
}

@misc{abrash,
  author = {Michael Abrash},
  title = {{Latency – the sine qua non of AR and VR}},
  howpublished = "\url{http://blogs.valvesoftware.com/abrash/latency-the-sine-qua-non-of-ar-and-vr/}",
  year = { 2012}, 
  note = "[Online; accessed 17-July-2015]"
}

@misc{tango,
  author = {Google},
  title = {{What is Project Tango?}},
  howpublished = "\url{https://www.google.com/atap/project-tango/}",
  note = "[Online; accessed 17-July-2015]"
}

@inproceedings{hu2014high,
  title={High resolution free-view interpolation of planar structure},
  author={Hu, Jie and Zhang, Dong-Qing and Yu, Haoyong and Chen, Chang Wen},
  booktitle={Multimedia and Expo (ICME), 2014 IEEE International Conference on},
  pages={1--6},
  year={2014},
  organization={IEEE}
}

@article{stereo9export,
  title={Multi-View Stereo: A Tutorial},
  author={Yasutaka Furukawa and Carlos Hernández},
  journal={Foundations and Trends{\textregistered} in Computer Graphics and Vision},
  volume={9},
  number={1-2}
}

@article{nasrollahi2014super,
  title={Super-resolution: a comprehensive survey},
  author={Nasrollahi, Kamal and Moeslund, Thomas B},
  journal={Machine vision and applications},
  volume={25},
  number={6},
  pages={1423--1468},
  year={2014},
  publisher={Springer}
}
@misc{myriad2,
  author = {Movidius},
  title = {{The next stage in visual innovation}},
  howpublished = "\url{http://www.movidius.com/our-technology/myriad-2-platform/}",
  note = "[Online; accessed 17-July-2015]"
}



@misc{kinect,
  author = {Microsoft},
  title = {{Meet Kinect}},
  howpublished = "\url{https://www.microsoft.com/en-us/kinectforwindows/meetkinect/default.aspx}",
  note = "[Online; accessed 17-July-2015]"
}

@inproceedings{huang2012mobile,
  title={Mobile augmented reality based on cloud computing},
  author={Huang, Bai-Ruei and Lin, Chang Hong and Lee, Chia-Han},
  booktitle={Anti-Counterfeiting, Security and Identification (ASID), 2012 International Conference on},
  pages={1--5},
  year={2012},
  organization={IEEE}
}

@inproceedings{newcombe2011dtam,
  title={DTAM: Dense tracking and mapping in real-time},
  author={Newcombe, Richard A and Lovegrove, Steven J and Davison, Andrew J},
  booktitle={Computer Vision (ICCV), 2011 IEEE International Conference on},
  pages={2320--2327},
  year={2011},
  organization={IEEE}
}

@inproceedings{pirker2011cd,
  title={CD SLAM-continuous localization and mapping in a dynamic world},
  author={Pirker, Katrin and R{\"u}ther, Matthias and Bischof, Horst},
  booktitle={Intelligent Robots and Systems (IROS), 2011 IEEE/RSJ International Conference on},
  pages={3990--3997},
  year={2011},
  organization={IEEE}
}

@inproceedings{strasdat2010real,
  title={Real-time monocular slam: Why filter?},
  author={Strasdat, Hauke and Montiel, JMM and Davison, Andrew J},
  booktitle={Robotics and Automation (ICRA), 2010 IEEE International Conference on},
  pages={2657--2664},
  year={2010},
  organization={IEEE}
}


@inproceedings{klein2007parallel,
  title={Parallel tracking and mapping for small AR workspaces},
  author={Klein, Georg and Murray, David},
  booktitle={Mixed and Augmented Reality, 2007. ISMAR 2007. 6th IEEE and ACM International Symposium on},
  pages={225--234},
  year={2007},
  organization={IEEE}
}

@article{davison2007monoslam,
  title={MonoSLAM: Real-time single camera SLAM},
  author={Davison, Andrew J and Reid, Ian D and Molton, Nicholas D and Stasse, Olivier},
  journal={Pattern Analysis and Machine Intelligence, IEEE Transactions on},
  volume={29},
  number={6},
  pages={1052--1067},
  year={2007},
  publisher={IEEE}
}


